% This file was created with JabRef 2.6.
% Encoding: UTF-8

@ARTICLE{Alexander2010,
  author = {Alexander, W.H. and Brown, J.W.},
  title = {Computational models of performance monitoring and cognitive control},
  journal = {Topics in cognitive science},
  year = {2010},
  volume = {2},
  pages = {658--677},
  number = {4},
  owner = {remco},
  publisher = {Wiley Online Library},
  timestamp = {2012.06.05}
}

@ARTICLE{Allen2010,
  author = {Allen, K. and Ibara, S. and Seymour, A. and Cordova, N. and Botvinick,
	M.},
  title = {Abstract structural representations of goal-directed behavior},
  journal = {Psychological Science},
  year = {2010},
  volume = {21},
  pages = {1518},
  number = {10},
  owner = {remco},
  publisher = {SAGE Publications},
  timestamp = {2011.10.04}
}

@BOOK{Allman2000,
  title = {Evolving brains},
  publisher = {Scientific American Library Nueva York},
  year = {2000},
  author = {Allman, J.M. and Martin, B.},
  owner = {remco},
  timestamp = {2012.06.19}
}

@BOOK{Anderson1995,
  title = {An introduction to neural networks},
  publisher = {MIT Press},
  year = {1995},
  author = {Anderson, J.A. and Davis, J.},
  volume = {1},
  owner = {remco},
  timestamp = {2012.06.12}
}

@ARTICLE{Anderson1997,
  author = {Anderson, J.R. and Matessa, M. and Lebiere, C.},
  title = {ACT-R: A theory of higher level cognition and its relation to visual
	attention},
  journal = {Human-Computer Interaction},
  year = {1997},
  volume = {12},
  pages = {439--462},
  number = {4},
  owner = {remco},
  publisher = {L. Erlbaum Associates Inc.},
  timestamp = {2011.10.04}
}

@ARTICLE{Anderson2003,
  author = {Anderson, M.L.},
  title = {Embodied cognition: A field guide},
  journal = {Artificial intelligence},
  year = {2003},
  volume = {149},
  pages = {91--130},
  number = {1},
  owner = {remco},
  publisher = {Elsevier},
  timestamp = {2011.10.04}
}

@ARTICLE{Antonelo2011,
  author = {Antonelo, E. and Schrauwen, B.},
  title = {Learning slow features with reservoir computing for biologically-inspired
	robot localization},
  journal = {Neural Networks},
  year = {2011},
  owner = {remco},
  publisher = {Elsevier},
  timestamp = {2012.05.10}
}

@ARTICLE{Arie2011,
  author = {Arie, H. and Arakaki, T. and Sugano, S. and Tani, J.},
  title = {Imitating others by composition of primitive actions: A neuro-dynamic
	model},
  journal = {Robotics and Autonomous Systems},
  year = {2011},
  owner = {remco},
  publisher = {Elsevier},
  timestamp = {2012.05.10}
}

@BOOK{Arkin1998,
  title = {Behavior-based robotics},
  publisher = {The MIT Press},
  year = {1998},
  author = {Arkin, R.C.},
  owner = {remco},
  timestamp = {2011.10.04}
}

@ARTICLE{Baars2009,
  author = {Baars, B.J. and Franklin, S.},
  title = {Consciousness is computational: The LIDA model of global workspace
	theory},
  journal = {International Journal of Machine Consciousness},
  year = {2009},
  volume = {1},
  pages = {23--32},
  number = {1},
  owner = {remco},
  timestamp = {2011.10.04}
}

@ARTICLE{Badre2008,
  author = {Badre, D.},
  title = {Cognitive control, hierarchy, and the rostro-caudal organization
	of the frontal lobes},
  journal = {Trends in cognitive sciences},
  year = {2008},
  volume = {12},
  pages = {193--200},
  number = {5},
  owner = {remco},
  publisher = {Elsevier},
  timestamp = {2011.11.01}
}

@ARTICLE{Badre2009,
  author = {Badre, D. and D'Esposito, M.},
  title = {Is the rostro-caudal axis of the frontal lobe hierarchical?},
  journal = {Nature Reviews Neuroscience},
  year = {2009},
  volume = {10},
  pages = {659--669},
  number = {9},
  owner = {remco},
  publisher = {Nature Publishing Group},
  timestamp = {2011.10.04}
}

@ARTICLE{Badre2007,
  author = {Badre, D. and D'Esposito, M.},
  title = {Functional magnetic resonance imaging evidence for a hierarchical
	organization of the prefrontal cortex},
  journal = {Journal of Cognitive Neuroscience},
  year = {2007},
  volume = {19},
  pages = {2082--2099},
  number = {12},
  owner = {remco},
  publisher = {MIT Press},
  timestamp = {2011.12.05}
}

@ARTICLE{Badre2009a,
  author = {Badre, D. and Hoffman, J. and Cooney, J.W. and D'Esposito, M.},
  title = {Hierarchical cognitive control deficits following damage to the human
	frontal lobe},
  journal = {Nature neuroscience},
  year = {2009},
  volume = {12},
  pages = {515--522},
  number = {4},
  owner = {remco},
  publisher = {Nature Publishing Group},
  timestamp = {2012.05.31}
}

@ARTICLE{Baldassarre2009,
  author = {Baldassarre, G. and Nolfi, S.},
  title = {Strengths and synergies of evolved and designed controllers: A study
	within collective robotics},
  journal = {Artificial Intelligence},
  year = {2009},
  volume = {173},
  pages = {857--875},
  number = {7-8},
  owner = {remco},
  publisher = {Elsevier},
  timestamp = {2011.11.21}
}

@ARTICLE{Barsalou2008,
  author = {Barsalou, L.W.},
  title = {Grounded cognition},
  journal = {Annu. Rev. Psychol.},
  year = {2008},
  volume = {59},
  pages = {617--645},
  owner = {remco},
  publisher = {Annual Reviews},
  timestamp = {2011.10.04}
}

@ARTICLE{Bassett2008,
  author = {Bassett, D.S. and Bullmore, E. and Verchinski, B.A. and Mattay, V.S.
	and Weinberger, D.R. and Meyer-Lindenberg, A.},
  title = {Hierarchical organization of human cortical networks in health and
	schizophrenia},
  journal = {The Journal of Neuroscience},
  year = {2008},
  volume = {28},
  pages = {9239--9248},
  number = {37},
  owner = {remco},
  publisher = {Society for Neuroscience},
  timestamp = {2012.06.19}
}

@INPROCEEDINGS{Baudat2001,
  author = {Baudat, G. and Anouar, F.},
  title = {Kernel-based methods and function approximation},
  booktitle = {Neural Networks, 2001. Proceedings. IJCNN'01. International Joint
	Conference on},
  year = {2001},
  volume = {2},
  pages = {1244--1249},
  organization = {Ieee},
  owner = {remco},
  timestamp = {2012.05.22}
}

@ARTICLE{Bechara1999,
  author = {Bechara, A. and Damasio, H. and Damasio, A.R. and Lee, G.P.},
  title = {Different contributions of the human amygdala and ventromedial prefrontal
	cortex to decision-making},
  journal = {The Journal of Neuroscience},
  year = {1999},
  volume = {19},
  pages = {5473--5481},
  number = {13},
  owner = {remco},
  publisher = {Society for Neuroscience},
  timestamp = {2012.05.24}
}

@ARTICLE{Beer1995,
  author = {Beer, R.D.},
  title = {On the dynamics of small continuous-time recurrent neural networks},
  journal = {Adaptive Behavior},
  year = {1995},
  volume = {3},
  pages = {469--509},
  number = {4},
  owner = {remco},
  publisher = {SAGE Publications},
  timestamp = {2012.05.10}
}

@ARTICLE{Belitski2008,
  author = {Belitski, A. and Gretton, A. and Magri, C. and Murayama, Y. and Montemurro,
	M.A. and Logothetis, N.K. and Panzeri, S.},
  title = {Low-frequency local field potentials and spikes in primary visual
	cortex convey independent visual information},
  journal = {The Journal of Neuroscience},
  year = {2008},
  volume = {28},
  pages = {5696--5709},
  number = {22},
  owner = {remco},
  publisher = {Soc Neuroscience},
  timestamp = {2012.06.12}
}

@ARTICLE{Bengio1994,
  author = {Bengio, Y. and Simard, P. and Frasconi, P.},
  title = {Learning long-term dependencies with gradient descent is difficult},
  journal = {Neural Networks, IEEE Transactions on},
  year = {1994},
  volume = {5},
  pages = {157--166},
  number = {2},
  owner = {remco},
  publisher = {IEEE},
  timestamp = {2012.05.10}
}

@ARTICLE{Bod'en2000,
  author = {Bod{\'e}n, M. and Wiles, J.},
  title = {Context-free and context-sensitive dynamics in recurrent neural networks},
  journal = {Connection Science},
  year = {2000},
  volume = {12},
  pages = {197--210},
  number = {3-4},
  owner = {remco},
  publisher = {Taylor \& Francis},
  timestamp = {2012.05.10}
}

@ARTICLE{Bogacz2007,
  author = {Bogacz, R. and Gurney, K.},
  title = {The basal ganglia and cortex implement optimal decision making between
	alternative actions},
  journal = {Neural computation},
  year = {2007},
  volume = {19},
  pages = {442--477},
  number = {2},
  owner = {remco},
  publisher = {MIT Press},
  timestamp = {2011.10.17}
}

@BOOK{Borg2005,
  title = {Modern multidimensional scaling: Theory and applications},
  publisher = {Springer Verlag},
  year = {2005},
  author = {Borg, I. and Groenen, P.J.F.},
  owner = {remco},
  timestamp = {2012.06.14}
}

@ARTICLE{Botvinick2008,
  author = {Botvinick, M.M.},
  title = {Hierarchical models of behavior and prefrontal function},
  journal = {Trends in Cognitive Sciences},
  year = {2008},
  volume = {12},
  pages = {201--208},
  number = {5},
  owner = {remco},
  publisher = {Elsevier},
  timestamp = {2011.10.04}
}

@ARTICLE{Botvinick2007,
  author = {Botvinick, M.M.},
  title = {Multilevel structure in behaviour and in the brain: a model of Fuster's
	hierarchy},
  journal = {Philosophical Transactions of the Royal Society B: Biological Sciences},
  year = {2007},
  volume = {362},
  pages = {1615},
  number = {1485},
  owner = {remco},
  publisher = {The Royal Society},
  timestamp = {2011.11.08}
}

@ARTICLE{Botvinick2009,
  author = {Botvinick, M.M. and Niv, Y. and Barto, A.C.},
  title = {Hierarchically organized behavior and its neural foundations: A reinforcement
	learning perspective},
  journal = {Cognition},
  year = {2009},
  volume = {113},
  pages = {262--280},
  number = {3},
  owner = {remco},
  publisher = {Elsevier},
  timestamp = {2011.10.04}
}

@ARTICLE{Botvinick2004,
  author = {Botvinick, M. and Plaut, D.C.},
  title = {Doing without schema hierarchies: a recurrent connectionist approach
	to normal and impaired routine sequential action.},
  journal = {Psychological review},
  year = {2004},
  volume = {111},
  pages = {395},
  number = {2},
  owner = {remco},
  publisher = {American Psychological Association},
  timestamp = {2012.06.06}
}

@ARTICLE{Brooks1991,
  author = {Brooks, R.A.},
  title = {New approaches to robotics},
  journal = {Science},
  year = {1991},
  volume = {253},
  pages = {1227},
  number = {5025},
  owner = {remco},
  publisher = {American Association for the Advancement of Science},
  timestamp = {2011.10.04}
}

@ARTICLE{Brooks1991a,
  author = {Brooks, R.A.},
  title = {Intelligence without reason},
  journal = {Artificial intelligence: critical concepts},
  year = {1991},
  volume = {3},
  owner = {remco},
  publisher = {Taylor \& Francis},
  timestamp = {2011.10.04}
}

@INPROCEEDINGS{Brooks1999,
  author = {Brooks, R.A. and Breazeal, C. and Marjanovi{\'c}, M. and Scassellati,
	B. and Williamson, M.M.},
  title = {The Cog project: Building a humanoid robot},
  booktitle = {Computation for metaphors, analogy, and agents},
  year = {1999},
  pages = {52--87},
  organization = {Springer-Verlag},
  owner = {remco},
  timestamp = {2011.10.04}
}

@ARTICLE{Bullinaria2009,
  author = {Bullinaria, J.A.},
  title = {The Importance of Neurophysiological Constraints for Modelling the
	Emergence of Modularity},
  journal = {Computational modelling in behavioural neuroscience: closing the
	gap between neurophysiology and behaviour},
  year = {2009},
  pages = {187--208},
  owner = {remco},
  timestamp = {2012.05.10}
}

@ARTICLE{Buonomano2009,
  author = {Buonomano, D.V. and Maass, W.},
  title = {State-dependent computations: spatiotemporal processing in cortical
	networks},
  journal = {Nature Reviews Neuroscience},
  year = {2009},
  volume = {10},
  pages = {113--125},
  number = {2},
  owner = {remco},
  publisher = {Nature Publishing Group},
  timestamp = {2012.05.10}
}

@INPROCEEDINGS{Chandra2011,
  author = {Chandra, R. and Frean, M. and Zhang, M.},
  title = {A memetic framework for cooperative coevolution of recurrent neural
	networks},
  booktitle = {Neural Networks (IJCNN), The 2011 International Joint Conference
	on},
  year = {2011},
  pages = {673--680},
  organization = {IEEE},
  owner = {remco},
  timestamp = {2012.05.10}
}

@ARTICLE{Cherniak1994,
  author = {Cherniak, C.},
  title = {Component placement optimization in the brain},
  journal = {The Journal of neuroscience},
  year = {1994},
  volume = {14},
  pages = {2418--2427},
  number = {4},
  owner = {remco},
  publisher = {Soc Neuroscience},
  timestamp = {2012.06.19}
}

@ARTICLE{Chiel1997,
  author = {Chiel, H.J. and Beer, R.D.},
  title = {The brain has a body: Adaptive behavior emerges from interactions
	of nervous system, body and environment},
  journal = {Trends in Neurosciences},
  year = {1997},
  volume = {20},
  pages = {553--557},
  number = {12},
  owner = {remco},
  publisher = {Elsevier},
  timestamp = {2011.10.04}
}

@ARTICLE{Christoff2000,
  author = {Christoff, K. and Gabrieli, J.D.E.},
  title = {The frontopolar cortex and human cognition: Evidence for a rostrocaudal
	hierarchical organization within the human prefrontal cortex},
  journal = {PSYCHOBIOLOGY-AUSTIN-},
  year = {2000},
  volume = {28},
  pages = {168--186},
  number = {2},
  owner = {remco},
  publisher = {Psychonomic Society},
  timestamp = {2012.05.31}
}

@ARTICLE{Christoff2009,
  author = {Christoff, K. and Keramatian, K. and Gordon, A.M. and Smith, R. and
	M{\"a}dler, B.},
  title = {Prefrontal organization of cognitive control according to levels
	of abstraction},
  journal = {Brain research},
  year = {2009},
  volume = {1286},
  pages = {94--105},
  owner = {remco},
  publisher = {Elsevier},
  timestamp = {2011.10.04}
}

@ARTICLE{Clark1998,
  author = {Clark, A. and Chalmers, D.},
  title = {The extended mind},
  journal = {Analysis},
  year = {1998},
  volume = {58},
  pages = {7--19},
  number = {1},
  owner = {remco},
  publisher = {JSTOR},
  timestamp = {2012.05.22}
}

@ARTICLE{Cooper2000,
  author = {Cooper, R. and Shallice, T.},
  title = {Contention scheduling and the control of routine activities},
  journal = {Cognitive Neuropsychology},
  year = {2000},
  volume = {17},
  pages = {297--338},
  number = {4},
  owner = {remco},
  publisher = {Taylor \& Francis},
  timestamp = {2012.05.30}
}

@INPROCEEDINGS{D'Esposito2002,
  author = {D'Esposito, M. and Postle, B.R. and Rypma, B.},
  title = {The role of lateral prefrontal cortex in working memory: evidence
	from event-related fMRI studies},
  booktitle = {International Congress Series},
  year = {2002},
  volume = {1232},
  pages = {21--27},
  organization = {Elsevier},
  owner = {remco},
  timestamp = {2012.03.20}
}

@ARTICLE{Dayan2009,
  author = {Dayan, P.},
  title = {Goal-directed control and its antipodes},
  journal = {Neural Networks},
  year = {2009},
  volume = {22},
  pages = {213--219},
  number = {3},
  owner = {remco},
  publisher = {Elsevier},
  timestamp = {2011.10.04}
}

@ARTICLE{Dayan2008,
  author = {Dayan, P.},
  title = {Simple substrates for complex cognition},
  journal = {Frontiers in neuroscience},
  year = {2008},
  volume = {2},
  pages = {255},
  number = {2},
  owner = {remco},
  publisher = {Frontiers Research Foundation},
  timestamp = {2011.10.04}
}

@ARTICLE{DeCroon2006,
  author = {De Croon, G. and Nolfi, S. and Postma, EO},
  title = {Towards Pro-active Embodied Agents: On the Importance of Neural Mechanisms
	Suitable to Process Time Information},
  journal = {Complex Engineered Systems},
  year = {2006},
  pages = {338--363},
  owner = {remco},
  publisher = {Springer},
  timestamp = {2011.10.04}
}

@ARTICLE{Deng2007,
  author = {Deng, Z. and Zhang, Y.},
  title = {Collective behavior of a small-world recurrent neural system with
	scale-free distribution},
  journal = {Neural Networks, IEEE Transactions on},
  year = {2007},
  volume = {18},
  pages = {1364--1375},
  number = {5},
  owner = {remco},
  publisher = {IEEE},
  timestamp = {2012.05.14}
}

@INPROCEEDINGS{Devert2008,
  author = {Devert, A. and Bredeche, N. and Schoenauer, M.},
  title = {Unsupervised learning of echo state networks: A case study in artificial
	embryogeny},
  booktitle = {Artificial Evolution},
  year = {2008},
  pages = {278--290},
  organization = {Springer},
  owner = {remco},
  timestamp = {2012.05.14}
}

@ARTICLE{Diamond2002,
  author = {Diamond, A.},
  title = {Normal development of prefrontal cortex from birth to young adulthood:
	Cognitive functions, anatomy, and biochemistry.},
  year = {2002},
  owner = {remco},
  publisher = {Oxford University Press},
  timestamp = {2012.03.20}
}

@ARTICLE{Dijk2008,
  author = {van Dijk, J. and Kerkhofs, R. and van Rooij, I. and Haselager, P.},
  title = {Special Section: Can There Be Such a Thing as Embodied Embedded Cognitive
	Neuroscience?},
  journal = {Theory \& Psychology},
  year = {2008},
  volume = {18},
  pages = {297--316},
  number = {3},
  owner = {remco},
  publisher = {Sage Publications},
  timestamp = {2012.05.22}
}

@ARTICLE{Dijk2011,
  author = {van Dijk, S. and Polani, D. and Nehaniv, C.},
  title = {Hierarchical behaviours: getting the most bang for your bit},
  journal = {Advances in Artificial Life. Darwin Meets von Neumann},
  year = {2011},
  pages = {342--349},
  owner = {remco},
  publisher = {Springer},
  timestamp = {2012.05.10}
}

@ARTICLE{Dominey2005,
  author = {Dominey, P.F.},
  title = {From sensorimotor sequence to grammatical construction: Evidence
	from simulation and neurophysiology},
  journal = {Adaptive Behavior},
  year = {2005},
  volume = {13},
  pages = {347--361},
  number = {4},
  owner = {remco},
  publisher = {SAGE Publications},
  timestamp = {2012.05.10}
}

@ARTICLE{Dominey1995,
  author = {Dominey, P.F.},
  title = {Complex sensory-motor sequence learning based on recurrent state
	representation and reinforcement learning},
  journal = {Biological Cybernetics},
  year = {1995},
  volume = {73},
  pages = {265--274},
  number = {3},
  owner = {remco},
  publisher = {Springer},
  timestamp = {2012.05.22}
}

@ARTICLE{Dominey1998,
  author = {Dominey, P.F. and Lelekov, T. and Ventre-Dominey, J. and Jeannerod,
	M.},
  title = {Dissociable processes for learning the surface structure and abstract
	structure of sensorimotor sequences},
  journal = {Journal of Cognitive Neuroscience},
  year = {1998},
  volume = {10},
  pages = {734--751},
  number = {6},
  owner = {remco},
  publisher = {MIT Press},
  timestamp = {2012.05.10}
}

@INPROCEEDINGS{Doya1992,
  author = {Doya, K.},
  title = {Bifurcations in the learning of recurrent neural networks},
  booktitle = {Circuits and Systems, 1992. ISCAS'92. Proceedings., 1992 IEEE International
	Symposium on},
  year = {1992},
  volume = {6},
  pages = {2777--2780},
  organization = {IEEE},
  owner = {remco},
  timestamp = {2012.05.22}
}

@ARTICLE{Dunbar2007,
  author = {Dunbar, RIM and Shultz, S.},
  title = {Understanding primate brain evolution},
  journal = {Philosophical Transactions of the Royal Society B: Biological Sciences},
  year = {2007},
  volume = {362},
  pages = {649--658},
  number = {1480},
  owner = {remco},
  publisher = {The Royal Society},
  timestamp = {2012.06.12}
}

@ARTICLE{Durr2010,
  author = {Durr, P. and Mattiussi, C. and Floreano, D.},
  title = {Genetic representation and evolvability of modular neural controllers},
  journal = {Computational Intelligence Magazine, IEEE},
  year = {2010},
  volume = {5},
  pages = {10--19},
  number = {3},
  owner = {remco},
  publisher = {IEEE},
  timestamp = {2011.10.04}
}

@ARTICLE{Dutoit2009,
  author = {Dutoit, X. and Schrauwen, B. and Van Campenhout, J. and Stroobandt,
	D. and Van Brussel, H. and Nuttin, M.},
  title = {Pruning and regularization in reservoir computing},
  journal = {Neurocomputing},
  year = {2009},
  volume = {72},
  pages = {1534--1546},
  number = {7-9},
  owner = {remco},
  publisher = {Elsevier},
  timestamp = {2012.05.14}
}

@ARTICLE{Edsinger2008,
  author = {Edsinger, A. and Kemp, C.},
  title = {Two Arms Are Better Than One: A Behavior Based Control System for
	Assistive Bimanual Manipulation},
  journal = {Recent Progress in Robotics: Viable Robotic Service to Human},
  year = {2008},
  pages = {345--355},
  owner = {remco},
  publisher = {Springer},
  timestamp = {2011.10.04}
}

@ARTICLE{Eichenbaum2000,
  author = {Eichenbaum, H. and others},
  title = {A cortical-hippocampal system for declarative memory},
  journal = {Nature Reviews Neuroscience},
  year = {2000},
  volume = {1},
  pages = {41--50},
  number = {1},
  owner = {remco},
  publisher = {Nature Publishing Group},
  timestamp = {2012.06.12}
}

@ARTICLE{Elman1990,
  author = {Elman, J.L.},
  title = {Finding structure in time},
  journal = {Cognitive science},
  year = {1990},
  volume = {14},
  pages = {179--211},
  number = {2},
  owner = {remco},
  publisher = {Elsevier},
  timestamp = {2012.05.30}
}

@ARTICLE{Erlhagen2006,
  author = {Erlhagen, W. and Bicho, E.},
  title = {The dynamic neural field approach to cognitive robotics},
  journal = {Journal of Neural Engineering},
  year = {2006},
  volume = {3},
  pages = {R36},
  owner = {remco},
  publisher = {IOP Publishing},
  timestamp = {2011.10.04}
}

@ARTICLE{Fernandez-Leon2009,
  author = {Fernandez-Leon, J.A. and Acosta, G.G. and Mayosky, M.A.},
  title = {Behavioral control through evolutionary neurocontrollers for autonomous
	mobile robot navigation},
  journal = {Robotics and Autonomous Systems},
  year = {2009},
  volume = {57},
  pages = {411--419},
  number = {4},
  owner = {remco},
  publisher = {Elsevier},
  timestamp = {2011.10.04}
}

@BOOK{Floreano2008,
  title = {Bio-inspired artificial intelligence: theories, methods, and technologies},
  publisher = {The MIT Press},
  year = {2008},
  author = {Floreano, D. and Mattiussi, C.},
  owner = {remco},
  timestamp = {2011.10.04}
}

@ARTICLE{Floreano2000,
  author = {Floreano, D. and Urzelai, J.},
  title = {Evolutionary robots with on-line self-organization and behavioral
	fitness},
  journal = {Neural Networks},
  year = {2000},
  volume = {13},
  pages = {431--443},
  number = {4-5},
  owner = {remco},
  publisher = {Elsevier},
  timestamp = {2011.10.04}
}

@ARTICLE{Frank2011,
  author = {Frank, M.J. and Badre, D.},
  title = {Mechanisms of Hierarchical Reinforcement Learning in Corticostriatal
	Circuits 1: Computational Analysis},
  journal = {Cerebral Cortex},
  year = {2011},
  owner = {remco},
  publisher = {Oxford Univ Press},
  timestamp = {2011.10.19}
}

@ARTICLE{Frank2001,
  author = {Frank, M.J. and Loughry, B. and O'Reilly, R.C.},
  title = {Interactions between frontal cortex and basal ganglia in working
	memory: a computational model},
  journal = {Cognitive, Affective, \& Behavioral Neuroscience},
  year = {2001},
  volume = {1},
  pages = {137--160},
  number = {2},
  owner = {remco},
  publisher = {Springer},
  timestamp = {2012.06.06}
}

@BOOK{fuster2008prefrontal,
  title = {The prefrontal cortex},
  publisher = {Academic Press},
  year = {2008},
  author = {Fuster, J.M.},
  owner = {remco},
  timestamp = {2012.03.12}
}

@ARTICLE{Fuster2002,
  author = {Fuster, J.{\~A}.M.},
  title = {Physiology of executive functions: The perception-action cycle.},
  year = {2002},
  owner = {remco},
  publisher = {Oxford University Press},
  timestamp = {2012.03.20}
}

@ARTICLE{Fuster2001,
  author = {Fuster, JM},
  title = {The prefrontal cortex--an update: time is of the essence.},
  journal = {Neuron},
  year = {2001},
  volume = {30},
  pages = {319--333},
  number = {2},
  owner = {remco},
  publisher = {Elsevier},
  timestamp = {2012.05.30}
}

@ARTICLE{Garavan1999,
  author = {Garavan, H. and Ross, TJ and Stein, EA},
  title = {Right hemispheric dominance of inhibitory control: an event-related
	functional MRI study},
  journal = {Proceedings of the National Academy of Sciences},
  year = {1999},
  volume = {96},
  pages = {8301},
  number = {14},
  owner = {remco},
  publisher = {National Acad Sciences},
  timestamp = {2012.05.29}
}

@ARTICLE{Gat1997,
  author = {Gat, E. and others},
  title = {On three-layer architectures},
  journal = {Artificial intelligence and mobile robots},
  year = {1997},
  pages = {195--210},
  owner = {remco},
  publisher = {Citeseer},
  timestamp = {2011.10.04}
}

@ARTICLE{Gers2001,
  author = {Gers, F.A. and Schmidhuber, E.},
  title = {LSTM recurrent networks learn simple context-free and context-sensitive
	languages},
  journal = {Neural Networks, IEEE Transactions on},
  year = {2001},
  volume = {12},
  pages = {1333--1340},
  number = {6},
  owner = {remco},
  publisher = {IEEE},
  timestamp = {2012.05.10}
}

@ARTICLE{Gershenson2002,
  author = {Gershenson, C. and Gonzalez, P.P.},
  title = {Dynamic adjustment of the motivation degree in an action selection
	mechanism},
  journal = {Arxiv preprint cs/0211038},
  year = {2002},
  owner = {remco},
  timestamp = {2011.10.04}
}

@ARTICLE{Gigliotta,
  author = {Gigliotta, O. and Pezzulo, G. and Nolfi, S.},
  title = {Evolution of a predictive internal model in an embodied and situated
	agent},
  journal = {Theory in Biosciences},
  pages = {1--18},
  owner = {remco},
  publisher = {Springer},
  timestamp = {2011.10.04}
}

@ARTICLE{Gilbert2007,
  author = {Gilbert, C.D. and Sigman, M.},
  title = {Brain states: top-down influences in sensory processing},
  journal = {Neuron},
  year = {2007},
  volume = {54},
  pages = {677--696},
  number = {5},
  owner = {remco},
  publisher = {Elsevier},
  timestamp = {2012.06.19}
}

@ARTICLE{Glascher2010,
  author = {Gl{\"a}scher, J. and Daw, N. and Dayan, P. and O'Doherty, J.P.},
  title = {States versus rewards: dissociable neural prediction error signals
	underlying model-based and model-free reinforcement learning},
  journal = {Neuron},
  year = {2010},
  volume = {66},
  pages = {585--595},
  number = {4},
  owner = {remco},
  publisher = {Elsevier},
  timestamp = {2012.05.24}
}

@ARTICLE{Goldman2009,
  author = {Goldman, M.S.},
  title = {Memory without feedback in a neural network},
  journal = {Neuron},
  year = {2009},
  volume = {61},
  pages = {621--634},
  number = {4},
  owner = {remco},
  publisher = {Elsevier},
  timestamp = {2012.05.10}
}

@ARTICLE{Goldman-Rakic2002,
  author = {Goldman-Rakic, P.S. and Leung, H.C.},
  title = {Functional architecture of the dorsolateral prefrontal cortex in
	monkeys and humans.},
  year = {2002},
  owner = {remco},
  publisher = {Oxford University Press},
  timestamp = {2012.03.20}
}

@INPROCEEDINGS{Gudise2003,
  author = {Gudise, V.G. and Venayagamoorthy, G.K.},
  title = {Comparison of particle swarm optimization and backpropagation as
	training algorithms for neural networks},
  booktitle = {Swarm Intelligence Symposium, 2003. SIS'03. Proceedings of the 2003
	IEEE},
  year = {2003},
  pages = {110--117},
  organization = {IEEE},
  owner = {remco},
  timestamp = {2012.05.22}
}

@INPROCEEDINGS{Hartland2007,
  author = {Hartland, C. and Bredeche, N.},
  title = {Using echo state networks for robot navigation behavior acquisition},
  booktitle = {Robotics and Biomimetics, 2007. ROBIO 2007. IEEE International Conference
	on},
  year = {2007},
  pages = {201--206},
  organization = {IEEE},
  owner = {remco},
  timestamp = {2012.05.14}
}

@INPROCEEDINGS{Hartland2009,
  author = {Hartland, C. and Bredeche, N. and Sebag, M.},
  title = {Memory-enhanced evolutionary robotics: the echo state network approach},
  booktitle = {Evolutionary Computation, 2009. CEC'09. IEEE Congress on},
  year = {2009},
  pages = {2788--2795},
  organization = {IEEE},
  owner = {remco},
  timestamp = {2012.05.10}
}

@ARTICLE{Haselager2008,
  author = {Haselager, WFG and van Dijk, J. and van Rooij, I.},
  title = {A lazy brain? Embodied embedded cognition and cognitive neuroscience},
  journal = {Handbook of embodied cognitive science: An embodied approach},
  year = {2008},
  pages = {273--290},
  owner = {remco},
  timestamp = {2012.05.22}
}

@ARTICLE{Hazy2007,
  author = {Hazy, T.E. and Frank, M.J. and O'Reilly, R.C.},
  title = {Towards an executive without a homunculus: computational models of
	the prefrontal cortex/basal ganglia system},
  journal = {Philosophical Transactions of the Royal Society B: Biological Sciences},
  year = {2007},
  volume = {362},
  pages = {1601},
  number = {1485},
  owner = {remco},
  publisher = {The Royal Society},
  timestamp = {2011.10.04}
}

@ARTICLE{Hermans2010,
  author = {Hermans, M. and Schrauwen, B.},
  title = {Memory in linear recurrent neural networks in continuous time},
  journal = {Neural Networks},
  year = {2010},
  volume = {23},
  pages = {341--355},
  number = {3},
  owner = {remco},
  publisher = {Elsevier},
  timestamp = {2012.05.10}
}

@ARTICLE{Hinaut2011,
  author = {Hinaut, X. and Dominey, P.F.},
  title = {A three-layered model of primate prefrontal cortex encodes identity
	and abstract categorical structure of behavioral sequences},
  journal = {Journal of Physiology-Paris},
  year = {2011},
  owner = {remco},
  publisher = {Elsevier},
  timestamp = {2012.05.22}
}

@ARTICLE{Hochreiter1997,
  author = {Hochreiter, S. and Schmidhuber, J.},
  title = {Long short-term memory},
  journal = {Neural computation},
  year = {1997},
  volume = {9},
  pages = {1735--1780},
  number = {8},
  owner = {remco},
  publisher = {MIT Press},
  timestamp = {2012.05.22}
}

@ARTICLE{Hopfield1984,
  author = {Hopfield, J.J.},
  title = {Neurons with graded response have collective computational properties
	like those of two-state neurons},
  journal = {Proceedings of the national academy of sciences},
  year = {1984},
  volume = {81},
  pages = {3088},
  number = {10},
  owner = {remco},
  publisher = {National Acad Sciences},
  timestamp = {2012.05.22}
}

@ARTICLE{Hussain2008,
  author = {Hussain, A. and Gurney, K. and Abdullah, R. and Chambers, J.},
  title = {Emergent common functional principles in control theory and the vertebrate
	brain: a case study with autonomous vehicle control},
  journal = {Artificial Neural Networks-ICANN 2008},
  year = {2008},
  pages = {949--958},
  owner = {remco},
  publisher = {Springer},
  timestamp = {2011.10.17}
}

@ARTICLE{Jaeger2007,
  author = {Jaeger, H.},
  title = {Discovering multiscale dynamical features with hierarchical echo
	state networks},
  journal = {Jacobs University Bremen, Tech. Rep 10},
  year = {2007},
  owner = {remco},
  timestamp = {2012.05.10}
}

@ARTICLE{Jaeger2007b,
  author = {Jaeger, H.},
  title = {Echo state network},
  journal = {Scholarpedia},
  year = {2007},
  volume = {2},
  pages = {2330},
  number = {9},
  owner = {remco},
  timestamp = {2012.06.23}
}

@TECHREPORT{Jaeger2001,
  author = {Jaeger, H.},
  title = {The" echo state" approach to analysing and training recurrent neural
	networks-with an erratum note'},
  institution = {Technical Report GMD Report 148, German National Research Center
	for Information Technology},
  year = {2001},
  owner = {remco},
  timestamp = {2012.05.14}
}

@ARTICLE{Jaeger2004,
  author = {Jaeger, H. and Haas, H.},
  title = {Harnessing nonlinearity: Predicting chaotic systems and saving energy
	in wireless communication},
  journal = {Science},
  year = {2004},
  volume = {304},
  pages = {78--80},
  number = {5667},
  owner = {remco},
  publisher = {American Association for the Advancement of Science},
  timestamp = {2012.05.22}
}

@ARTICLE{Jaeger2007a,
  author = {Jaeger, H. and Lukosevicius, M. and Popovici, D. and Siewert, U.},
  title = {Optimization and applications of echo state networks with leaky-integrator
	neurons},
  journal = {Neural Networks},
  year = {2007},
  volume = {20},
  pages = {335--352},
  number = {3},
  owner = {remco},
  publisher = {Elsevier},
  timestamp = {2012.05.10}
}

@ARTICLE{Jarvis2005,
  author = {Jarvis, E.D. and G{\"u}nt{\"u}rk{\"u}n, O. and Bruce, L. and Csillag,
	A. and Karten, H. and Kuenzel, W. and Medina, L. and Paxinos, G.
	and Perkel, D.J. and Shimizu, T. and others},
  title = {Avian brains and a new understanding of vertebrate brain evolution},
  journal = {Nature Reviews Neuroscience},
  year = {2005},
  volume = {6},
  pages = {151--159},
  number = {2},
  owner = {remco},
  publisher = {Nature Publishing Group},
  timestamp = {2012.06.12}
}

@ARTICLE{Jarvis2010,
  author = {Jarvis, S. and Rotter, S. and Egert, U.},
  title = {Extending stability through hierarchical clusters in Echo State Networks},
  journal = {Frontiers in neuroinformatics},
  year = {2010},
  volume = {4},
  owner = {remco},
  publisher = {Frontiers Research Foundation},
  timestamp = {2012.05.10}
}

@ARTICLE{Jiang2008,
  author = {Jiang, F. and Berry, H. and Schoenauer, M.},
  title = {Supervised and evolutionary learning of echo state networks},
  journal = {Parallel Problem Solving from Nature--PPSN X},
  year = {2008},
  pages = {215--224},
  owner = {remco},
  publisher = {Springer},
  timestamp = {2012.05.10}
}

@ARTICLE{Jin2009,
  author = {Jin, D.Z. and Fujii, N. and Graybiel, A.M.},
  title = {Neural representation of time in cortico-basal ganglia circuits},
  journal = {Proceedings of the National Academy of Sciences},
  year = {2009},
  volume = {106},
  pages = {19156--19161},
  number = {45},
  owner = {remco},
  publisher = {National Acad Sciences},
  timestamp = {2012.06.12}
}

@ARTICLE{Kaiser2010,
  author = {Kaiser, M. and Hilgetag, C.C.},
  title = {Optimal hierarchical modular topologies for producing limited sustained
	activation of neural networks},
  journal = {Frontiers in neuroinformatics},
  year = {2010},
  volume = {4},
  owner = {remco},
  publisher = {Frontiers Research Foundation},
  timestamp = {2012.05.22}
}

@ARTICLE{Kawamura2008,
  author = {Kawamura, K. and Gordon, S.M. and Ratanaswasd, P. and Erdemir, E.
	and Hall, J.F.},
  title = {Implementation of cognitive control for a humanoid robot},
  journal = {International Journal of Humanoid Robotics},
  year = {2008},
  volume = {5},
  pages = {547--586},
  number = {4},
  owner = {remco},
  timestamp = {2011.10.04}
}

@ARTICLE{Khamassi2011,
  author = {Mehdi Khamassi and Stephane Lallee and Pierre Enel and Emmanuel Procyk
	and Peter F Dominey},
  title = {Robot cognitive control with a neurophysiologically inspired reinforcement
	learning model},
  journal = {Frontiers in Neurorobotics},
  year = {2011},
  volume = {5},
  issn = {1662-5218},
  owner = {remco},
  timestamp = {2011.10.31}
}

@ARTICLE{Kiebel2008,
  author = {Kiebel, S.J. and Daunizeau, J. and Friston, K.J.},
  title = {A hierarchy of time-scales and the brain},
  journal = {PLoS computational biology},
  year = {2008},
  volume = {4},
  pages = {e1000209},
  number = {11},
  owner = {remco},
  publisher = {Public Library of Science},
  timestamp = {2012.05.10}
}

@ARTICLE{Kiebel2009,
  author = {Kiebel, S.J. and Von Kriegstein, K. and Daunizeau, J. and Friston,
	K.J.},
  title = {Recognizing sequences of sequences},
  journal = {PLoS computational biology},
  year = {2009},
  volume = {5},
  pages = {e1000464},
  number = {8},
  owner = {remco},
  publisher = {Public Library of Science},
  timestamp = {2012.05.10}
}

@ARTICLE{Koechlin2007,
  author = {Koechlin, E. and Hyafil, A.},
  title = {Anterior prefrontal function and the limits of human decision-making},
  journal = {Science},
  year = {2007},
  volume = {318},
  pages = {594},
  number = {5850},
  owner = {remco},
  publisher = {American Association for the Advancement of Science},
  timestamp = {2011.10.04}
}

@ARTICLE{Koechlin2003,
  author = {Koechlin, E. and Ody, C. and Kouneiher, F.},
  title = {The architecture of cognitive control in the human prefrontal cortex},
  journal = {Science},
  year = {2003},
  volume = {302},
  pages = {1181},
  number = {5648},
  owner = {remco},
  publisher = {American Association for the Advancement of Science},
  timestamp = {2011.10.04}
}

@ARTICLE{Koechlin2007a,
  author = {Koechlin, E. and Summerfield, C.},
  title = {An information theoretical approach to prefrontal executive function},
  journal = {Trends in Cognitive Sciences},
  year = {2007},
  volume = {11},
  pages = {229--235},
  number = {6},
  owner = {remco},
  publisher = {Elsevier},
  timestamp = {2011.10.04}
}

@INPROCEEDINGS{Koza1994,
  author = {Koza, J.R.},
  title = {Evolution of subsumption using genetic programming},
  booktitle = {Toward a practice of autonomous systems: proceedings of the First
	European Conference on Artifical Life},
  year = {1994},
  pages = {110},
  organization = {MIT Press},
  owner = {remco},
  timestamp = {2011.10.04}
}

@ARTICLE{Krause2010,
  author = {Krause, A.F. and D{\"u}rr, V. and Bl{\"a}sing, B. and Schack, T.},
  title = {Evolutionary Optimization of Echo State Networks: multiple motor
	pattern learning},
  year = {2010},
  owner = {remco},
  timestamp = {2012.05.10}
}

@ARTICLE{Krawczyk2011,
  author = {Krawczyk, D.C. and Michelle McClelland, M. and Donovan, C.M.},
  title = {A hierarchy for relational reasoning in the prefrontal cortex},
  journal = {Cortex},
  year = {2011},
  volume = {47},
  pages = {588--597},
  number = {5},
  owner = {remco},
  publisher = {Elsevier},
  timestamp = {2012.06.05}
}

@ARTICLE{Lagardea,
  author = {Lagarde, M. and Andry, P. and Gaussier, P. and Christophe, G.},
  title = {Temporal and Spatial Behavior: Toward an Unified Control Architecture
	for Navigation and Manipulation},
  owner = {remco},
  timestamp = {2012.05.10}
}

@INPROCEEDINGS{Lagarde2010,
  author = {Lagarde, S. and Sprinkhuizen-Kuyper, I. and de Croon, G. and Haselager,
	P.},
  title = {An Intermediate Form of Behavioral Control in Reactive Robots},
  booktitle = {Proceedings of the 22nd Benelux conference on artificial intelligence.
	Luxembourg, Luxembourg},
  year = {2010},
  owner = {remco},
  timestamp = {2012.05.22}
}

@ARTICLE{Langley2009,
  author = {Langley, P. and Laird, J.E. and Rogers, S.},
  title = {Cognitive architectures: Research issues and challenges},
  journal = {Cognitive Systems Research},
  year = {2009},
  volume = {10},
  pages = {141--160},
  number = {2},
  owner = {remco},
  publisher = {Elsevier},
  timestamp = {2011.10.04}
}

@INCOLLECTION{Lashley1951,
  author = {Lashley, K. S.},
  title = {The problem of serial order in behaviour},
  booktitle = {Cerebral Mechanisms in Behaviour},
  year = {1951},
  editor = {Jeffres, L. A.},
  pages = {112--136},
  owner = {remco},
  timestamp = {2012.05.31}
}

@ARTICLE{Lau2004,
  author = {Lau, H.C. and Rogers, R.D. and Haggard, P. and Passingham, R.E.},
  title = {Attention to intention},
  journal = {Science},
  year = {2004},
  volume = {303},
  pages = {1208},
  number = {5661},
  owner = {remco},
  publisher = {American Association for the Advancement of Science},
  timestamp = {2011.10.04}
}

@TECHREPORT{Lin1993,
  author = {Lin, L.J.},
  title = {Reinforcement learning for robots using neural networks},
  institution = {DTIC Document},
  year = {1993},
  owner = {remco},
  timestamp = {2012.05.22}
}

@TECHREPORT{Lukovsevicius2006,
  author = {Luko{\v{s}}evicius, M. and Popovici, D. and Jaeger, H. and Siewert,
	U. and Park, R.},
  title = {Time warping invariant echo state networks},
  institution = {Citeseer},
  year = {2006},
  owner = {remco},
  timestamp = {2012.05.10}
}

@ARTICLE{Lukovsevivcius2009,
  author = {Luko{\v{s}}evi{\v{c}}ius, M. and Jaeger, H.},
  title = {Reservoir computing approaches to recurrent neural network training},
  journal = {Computer Science Review},
  year = {2009},
  volume = {3},
  pages = {127--149},
  number = {3},
  owner = {remco},
  publisher = {Elsevier},
  timestamp = {2012.05.10}
}

@ARTICLE{Maass2002,
  author = {Maass, W. and Natschl{\"a}ger, T. and Markram, H.},
  title = {Real-time computing without stable states: A new framework for neural
	computation based on perturbations},
  journal = {Neural computation},
  year = {2002},
  volume = {14},
  pages = {2531--2560},
  number = {11},
  owner = {remco},
  publisher = {MIT Press},
  timestamp = {2012.05.14}
}

@ARTICLE{Maniadakis2009,
  author = {Maniadakis, M. and Tani, J.},
  title = {Acquiring Rules for Rules: Neuro-Dynamical Systems Account for Meta-Cognition},
  journal = {Adaptive Behavior},
  year = {2009},
  volume = {17},
  pages = {58},
  number = {1},
  owner = {remco},
  publisher = {SAGE Publications},
  timestamp = {2011.10.04}
}

@INPROCEEDINGS{Maniadakis2010,
  author = {Maniadakis, M. and Trahanias, P. and Tani, J.},
  title = {Self-organized executive control functions},
  booktitle = {Neural Networks (IJCNN), The 2010 International Joint Conference
	on},
  year = {2010},
  pages = {1--8},
  organization = {IEEE},
  owner = {remco},
  timestamp = {2012.05.10}
}

@ARTICLE{Mezzano,
  author = {Mezzano, T.},
  title = {Echo State Networks},
  owner = {remco},
  timestamp = {2012.05.10}
}

@ARTICLE{Milad2007,
  author = {Milad, M.R. and Wright, C.I. and Orr, S.P. and Pitman, R.K. and Quirk,
	G.J. and Rauch, S.L.},
  title = {Recall of fear extinction in humans activates the ventromedial prefrontal
	cortex and hippocampus in concert},
  journal = {Biological psychiatry},
  year = {2007},
  volume = {62},
  pages = {446--454},
  number = {5},
  owner = {remco},
  publisher = {Elsevier},
  timestamp = {2012.05.24}
}

@ARTICLE{Miller2001,
  author = {Miller, E.K. and Cohen, J.D.},
  title = {An integrative theory of prefrontal cortex function},
  journal = {Annual review of neuroscience},
  year = {2001},
  volume = {24},
  pages = {167--202},
  number = {1},
  owner = {remco},
  publisher = {Annual Reviews 4139 El Camino Way, PO Box 10139, Palo Alto, CA 94303-0139,
	USA},
  timestamp = {2011.10.04}
}

@ARTICLE{Mink1996,
  author = {Mink, J.W.},
  title = {The basal ganglia: focused selection and inhibition of competing
	motor programs},
  journal = {Progress in neurobiology},
  year = {1996},
  volume = {50},
  pages = {381--425},
  number = {4},
  owner = {remco},
  publisher = {Elsevier},
  timestamp = {2012.06.14}
}

@ARTICLE{Monsell2003,
  author = {Monsell, S.},
  title = {Task switching},
  journal = {Trends in cognitive sciences},
  year = {2003},
  volume = {7},
  pages = {134--140},
  number = {3},
  owner = {remco},
  publisher = {Elsevier},
  timestamp = {2012.05.24}
}

@ARTICLE{Morse2009a,
  author = {Morse, A. and Aktius, M.},
  title = {Dynamic liquid association: Complex learning without implausible
	guidance},
  journal = {Neural Networks},
  year = {2009},
  volume = {22},
  pages = {875--889},
  number = {7},
  owner = {remco},
  publisher = {Elsevier},
  timestamp = {2012.05.10}
}

@ARTICLE{Morse2009,
  author = {Morse, A. and Lowe, R. and Ziemke, T.},
  title = {A Neurocomputational Model of Anticipation and Sustained Inattentional
	Blindness in Hierarchies},
  journal = {Anticipatory Behavior in Adaptive Learning Systems},
  year = {2009},
  pages = {152--169},
  owner = {remco},
  publisher = {Springer},
  timestamp = {2012.05.10}
}

@ARTICLE{Mozer2007,
  author = {Mozer, M.C. and Wilder, M.H. and Baldwin, D.},
  title = {A Unified Theory of Exogenous and Endogenous Attentional Control},
  journal = {Department of Computer Science and Institute of Cognitive Science
	University of Colorado, Boulder, CO},
  year = {2007},
  volume = {80309},
  pages = {430},
  owner = {remco},
  publisher = {Citeseer},
  timestamp = {2011.10.17}
}

@ARTICLE{Namikawa2010,
  author = {Namikawa, J. and Tani, J.},
  title = {Learning to imitate stochastic time series in a compositional way
	by chaos},
  journal = {Neural Networks},
  year = {2010},
  volume = {23},
  pages = {625--638},
  number = {5},
  owner = {remco},
  publisher = {Elsevier},
  timestamp = {2012.05.10}
}

@ARTICLE{Nir2007,
  author = {Nir, Y. and Fisch, L. and Mukamel, R. and Gelbard-Sagiv, H. and Arieli,
	A. and Fried, I. and Malach, R.},
  title = {Coupling between neuronal firing rate, gamma LFP, and BOLD fMRI is
	related to interneuronal correlations},
  journal = {Current Biology},
  year = {2007},
  volume = {17},
  pages = {1275--1285},
  number = {15},
  owner = {remco},
  publisher = {Elsevier},
  timestamp = {2012.06.12}
}

@ARTICLE{Nolfi2002,
  author = {Nolfi, S.},
  title = {Power and the limits of reactive agents},
  journal = {Neurocomputing},
  year = {2002},
  volume = {42},
  pages = {119--145},
  number = {1-4},
  owner = {remco},
  publisher = {Elsevier},
  timestamp = {2011.10.04}
}

@INPROCEEDINGS{Nolfi1998,
  author = {Nolfi, S. and Floreano, D.},
  title = {How co-evolution can enhance the adaptive power of artificial evolution:
	Implications for evolutionary robotics},
  booktitle = {Evolutionary Robotics},
  year = {1998},
  pages = {22--38},
  organization = {Springer},
  owner = {remco},
  timestamp = {2012.06.12}
}

@ARTICLE{O'Doherty2003,
  author = {O'Doherty, J.P. and Dayan, P. and Friston, K. and Critchley, H. and
	Dolan, R.J.},
  title = {Temporal difference models and reward-related learning in the human
	brain},
  journal = {Neuron},
  year = {2003},
  volume = {38},
  pages = {329--337},
  number = {2},
  owner = {remco},
  publisher = {Elsevier},
  timestamp = {2012.06.05}
}

@ARTICLE{O'Donnell2009,
  author = {O'Donnell, M. and Chance, R.K. and Bashaw, G.J.},
  title = {Axon growth and guidance: receptor regulation and signal transduction},
  journal = {Annual review of neuroscience},
  year = {2009},
  volume = {32},
  pages = {383--412},
  owner = {remco},
  publisher = {Annual Reviews},
  timestamp = {2012.06.19}
}

@ARTICLE{O'Reilly2010a,
  author = {O'Reilly, R.C.},
  title = {The What and How of prefrontal cortical organization},
  journal = {Trends in neurosciences},
  year = {2010},
  volume = {33},
  pages = {355--361},
  number = {8},
  owner = {remco},
  publisher = {Elsevier},
  timestamp = {2011.10.04}
}

@ARTICLE{O'Reilly2006,
  author = {O'Reilly, R.C. and Frank, M.J.},
  title = {Making working memory work: a computational model of learning in
	the prefrontal cortex and basal ganglia},
  journal = {Neural Computation},
  year = {2006},
  volume = {18},
  pages = {283--328},
  number = {2},
  owner = {remco},
  publisher = {MIT Press},
  timestamp = {2011.10.04}
}

@ARTICLE{O'Reilly2010,
  author = {O'Reilly, R.C. and Herd, S.A. and Pauli, W.M.},
  title = {Computational models of cognitive control},
  journal = {Current opinion in neurobiology},
  year = {2010},
  volume = {20},
  pages = {257--261},
  number = {2},
  owner = {remco},
  publisher = {Elsevier},
  timestamp = {2011.10.04}
}

@ARTICLE{Osaka2009,
  author = {Osaka, N. and Logie, R.H. and D'Esposito, M.},
  title = {Recent trends in the cognitive neuroscience of working memory},
  journal = {cortex},
  year = {2009},
  volume = {45},
  pages = {262--268},
  owner = {remco},
  timestamp = {2012.06.03}
}

@ARTICLE{Oubbati2010,
  author = {M. Oubbati and G. Palm},
  title = {A neural framework for adaptive robot control},
  journal = {Journal of Neural Computing and Applications},
  year = {2010},
  volume = {19},
  pages = {103--114},
  number = {1},
  month = {Februar},
  note = {Springer London},
  issn = {0941-0643 (Print) 1433-3058 (Online)},
  owner = {remco},
  timestamp = {2012.05.22}
}

@ARTICLE{Ozturk2007,
  author = {Ozturk, M.C. and Xu, D. and Pr{\'\i}ncipe, J.C.},
  title = {Analysis and design of echo state networks},
  journal = {Neural Computation},
  year = {2007},
  volume = {19},
  pages = {111--138},
  number = {1},
  owner = {remco},
  publisher = {MIT Press},
  timestamp = {2012.05.10}
}

@ARTICLE{Paine2005,
  author = {Paine, R.W. and Tani, J.},
  title = {How hierarchical control self-organizes in artificial adaptive systems},
  journal = {Adaptive Behavior},
  year = {2005},
  volume = {13},
  pages = {211},
  number = {3},
  owner = {remco},
  publisher = {Sage Publications},
  timestamp = {2011.10.04}
}

@ARTICLE{Pandya1996,
  author = {Pandya, DN and Yeterian, EH and Fleminger, S. and Dunnett, SB},
  title = {Comparison of prefrontal architecture and connections [and discussion]},
  journal = {Philosophical Transactions of the Royal Society of London. Series
	B: Biological Sciences},
  year = {1996},
  volume = {351},
  pages = {1423--1432},
  number = {1346},
  owner = {remco},
  publisher = {The Royal Society},
  timestamp = {2012.03.20}
}

@ARTICLE{Paquot2012,
  author = {Paquot, Y. and Duport, F. and Smerieri, A. and Dambre, J. and Schrauwen,
	B. and Haelterman, M. and Massar, S.},
  title = {Optoelectronic Reservoir Computing},
  journal = {Scientific Reports},
  year = {2012},
  volume = {2},
  owner = {remco},
  publisher = {Nature Publishing Group},
  timestamp = {2012.05.22}
}

@ARTICLE{Parent1995,
  author = {Parent, A. and Hazrati, L.N.},
  title = {Functional anatomy of the basal ganglia. I. The cortico-basal ganglia-thalamo-cortical
	loop},
  journal = {Brain Research Reviews},
  year = {1995},
  volume = {20},
  pages = {91--127},
  number = {1},
  owner = {remco},
  publisher = {Elsevier},
  timestamp = {2012.05.29}
}

@ARTICLE{Passingham2002,
  author = {Passingham, R.E. and Rowe, J.B.},
  title = {Dorsal prefrontal cortex: Maintenance in memory or attentional selection?},
  year = {2002},
  owner = {remco},
  publisher = {Oxford University Press},
  timestamp = {2012.03.20}
}

@ARTICLE{Pecevski2009,
  author = {Pecevski, D. and Natschl{\"a}ger, T. and Schuch, K.},
  title = {PCSIM: a parallel simulation environment for neural circuits fully
	integrated with Python},
  journal = {Frontiers in neuroinformatics},
  year = {2009},
  volume = {3},
  owner = {remco},
  publisher = {Frontiers Research Foundation},
  timestamp = {2012.05.23}
}

@ARTICLE{Petrides2005,
  author = {Petrides, M.},
  title = {Lateral prefrontal cortex: architectonic and functional organization},
  journal = {Philosophical Transactions of the Royal Society B: Biological Sciences},
  year = {2005},
  volume = {360},
  pages = {781},
  number = {1456},
  owner = {remco},
  publisher = {The Royal Society},
  timestamp = {2012.03.20}
}

@ARTICLE{Petrides1991,
  author = {Petrides, M.},
  title = {Monitoring of selections of visual stimuli and the primate frontal
	cortex},
  journal = {Proceedings of the Royal Society of London. Series B: Biological
	Sciences},
  year = {1991},
  volume = {246},
  pages = {293--298},
  number = {1317},
  owner = {remco},
  publisher = {The Royal Society},
  timestamp = {2012.05.31}
}

@ARTICLE{Petrides2007,
  author = {Petrides, M. and Pandya, D.N.},
  title = {Efferent association pathways from the rostral prefrontal cortex
	in the macaque monkey},
  journal = {The Journal of neuroscience},
  year = {2007},
  volume = {27},
  pages = {11573--11586},
  number = {43},
  owner = {remco},
  publisher = {Society for Neuroscience},
  timestamp = {2012.06.12}
}

@ARTICLE{Pezzulo2009,
  author = {Pezzulo, G.},
  title = {DiPRA: a layered agent architecture which integrates practical reasoning
	and sensorimotor schemas},
  journal = {Connection Science},
  year = {2009},
  volume = {21},
  pages = {297--326},
  number = {4},
  owner = {remco},
  publisher = {Taylor \& Francis},
  timestamp = {2011.10.04}
}

@ARTICLE{Pfeifer2007,
  author = {Pfeifer, R. and Lungarella, M. and Iida, F.},
  title = {Self-organization, embodiment, and biologically inspired robotics},
  journal = {science},
  year = {2007},
  volume = {318},
  pages = {1088},
  number = {5853},
  owner = {remco},
  publisher = {American Association for the Advancement of Science},
  timestamp = {2011.10.04}
}

@INPROCEEDINGS{Pfeiffer1994,
  author = {Pfeiffer, R. and Verschure, P.},
  title = {Distributed adaptive control: a paradigm for designing autonomous
	agents},
  booktitle = {Toward a practice of autonomous systems: proceedings of the First
	European Conference on Artifical Life},
  year = {1994},
  pages = {21},
  organization = {MIT Press},
  owner = {remco},
  timestamp = {2011.10.04}
}

@ARTICLE{Ploger2004,
  author = {Pl{\"o}ger, P. and Arghir, A. and G{\"u}nther, T. and Hosseiny, R.},
  title = {Echo state networks for mobile robot modeling and control},
  journal = {RoboCup 2003: Robot Soccer World Cup VII},
  year = {2004},
  pages = {157--168},
  owner = {remco},
  publisher = {Springer},
  timestamp = {2012.05.14}
}

@BOOK{Poli2008,
  title = {A field guide to genetic programming},
  publisher = {Lulu Enterprises Uk Ltd},
  year = {2008},
  author = {Poli, R. and Langdon, W.B. and McPhee, N.F.},
  owner = {remco},
  timestamp = {2012.05.10}
}

@ARTICLE{Prescott2006,
  author = {Prescott, T.J. and Montes Gonz{\'a}lez, F.M. and Gurney, K. and Humphries,
	M.D. and Redgrave, P.},
  title = {A robot model of the basal ganglia: behavior and intrinsic processing},
  journal = {Neural Networks},
  year = {2006},
  volume = {19},
  pages = {31--61},
  number = {1},
  owner = {remco},
  publisher = {Elsevier},
  timestamp = {2011.10.17}
}

@ARTICLE{Proetzsch2010,
  author = {Proetzsch, M. and Luksch, T. and Berns, K.},
  title = {Development of complex robotic systems using the behavior-based control
	architecture iB2C},
  journal = {Robotics and Autonomous Systems},
  year = {2010},
  volume = {58},
  pages = {46--67},
  number = {1},
  owner = {remco},
  publisher = {Elsevier},
  timestamp = {2011.10.04}
}

@ARTICLE{Ramnani2004,
  author = {Ramnani, N. and Owen, A.M.},
  title = {Anterior prefrontal cortex: insights into function from anatomy and
	neuroimaging},
  journal = {Nature Reviews Neuroscience},
  year = {2004},
  volume = {5},
  pages = {184--194},
  number = {3},
  owner = {remco},
  publisher = {Nature Publishing Group},
  timestamp = {2012.05.29}
}

@ARTICLE{Redgrave1999,
  author = {Redgrave, P. and Prescott, T.J. and Gurney, K. and others},
  title = {The basal ganglia: a vertebrate solution to the selection problem?},
  journal = {NEUROSCIENCE-OXFORD-},
  year = {1999},
  volume = {89},
  pages = {1009--1024},
  owner = {remco},
  publisher = {PERGAMON PRESS},
  timestamp = {2012.05.29}
}

@ARTICLE{Reynolds2009,
  author = {Reynolds, J.R. and O'Reilly, R.C.},
  title = {Developing PFC representations using reinforcement learning},
  journal = {Cognition},
  year = {2009},
  volume = {113},
  pages = {281--292},
  number = {3},
  owner = {remco},
  publisher = {Elsevier},
  timestamp = {2011.12.02}
}

@ARTICLE{Reynolds2012,
  author = {Reynolds, J.R. and O'Reilly, R.C. and Cohen, J.D. and Braver, T.S.},
  title = {The Function and Organization of Lateral Prefrontal Cortex: A Test
	of Competing Hypotheses},
  journal = {PloS one},
  year = {2012},
  volume = {7},
  pages = {e30284},
  number = {2},
  owner = {remco},
  publisher = {Public Library of Science},
  timestamp = {2012.04.16}
}

@ARTICLE{Ridderinkhof2004,
  author = {Ridderinkhof, K.R. and Van Den Wildenberg, W.P.M. and Segalowitz,
	S.J. and Carter, C.S.},
  title = {Neurocognitive mechanisms of cognitive control: the role of prefrontal
	cortex in action selection, response inhibition, performance monitoring,
	and reward-based learning},
  journal = {Brain and Cognition},
  year = {2004},
  volume = {56},
  pages = {129--140},
  number = {2},
  owner = {remco},
  publisher = {Elsevier},
  timestamp = {2011.10.04}
}

@ARTICLE{Rilling2006,
  author = {Rilling, J.K.},
  title = {Human and nonhuman primate brains: Are they allometrically scaled
	versions of the same design?},
  journal = {Evolutionary Anthropology: Issues, News, and Reviews},
  year = {2006},
  volume = {15},
  pages = {65--77},
  number = {2},
  owner = {remco},
  publisher = {Wiley Online Library},
  timestamp = {2012.05.29}
}

@ARTICLE{Rolls1996,
  author = {Rolls, ET and others},
  title = {The orbitofrontal cortex.},
  journal = {Philosophical transactions of the Royal Society of London. Series
	B, Biological sciences},
  year = {1996},
  volume = {351},
  pages = {1433},
  number = {1346},
  owner = {remco},
  timestamp = {2012.03.20}
}

@ARTICLE{RONALD1989,
  author = {RONALD, J.W. and Zipser, D.},
  title = {Experimental analysis of the real-time recurrent learning algorithm},
  journal = {Connection Science},
  year = {1989},
  volume = {1},
  pages = {87--111},
  number = {1},
  owner = {remco},
  publisher = {Taylor \& Francis},
  timestamp = {2012.05.22}
}

@INPROCEEDINGS{Rosenblatt1989,
  author = {Rosenblatt, J.K. and Payton, D.W.},
  title = {A fine-grained alternative to the subsumption architecture for mobile
	robot control},
  booktitle = {Neural Networks, 1989. IJCNN., International Joint Conference on},
  year = {1989},
  pages = {317--323},
  organization = {IEEE},
  owner = {remco},
  timestamp = {2011.10.04}
}

@ARTICLE{Rossi2009,
  author = {Rossi, A.F. and Pessoa, L. and Desimone, R. and Ungerleider, L.G.},
  title = {The prefrontal cortex and the executive control of attention},
  journal = {Experimental Brain Research},
  year = {2009},
  volume = {192},
  pages = {489--497},
  number = {3},
  owner = {remco},
  publisher = {Springer},
  timestamp = {2011.10.04}
}

@ARTICLE{Rougier2005,
  author = {Rougier, N.P. and Noelle, D.C. and Braver, T.S. and Cohen, J.D. and
	O'Reilly, R.C.},
  title = {Prefrontal cortex and flexible cognitive control: Rules without symbols},
  journal = {Proceedings of the National Academy of Sciences of the United States
	of America},
  year = {2005},
  volume = {102},
  pages = {7338},
  number = {20},
  owner = {remco},
  publisher = {National Acad Sciences},
  timestamp = {2011.10.04}
}

@BOOK{Rumelhart1986,
  title = {Parallel distributed processing: Psychological and biological models},
  publisher = {The MIT press},
  year = {1986},
  author = {Rumelhart, D.E. and McClelland, J.L.},
  volume = {2},
  owner = {remco},
  timestamp = {2012.06.05}
}

@BOOK{Russell1995,
  title = {Artificial intelligence: a modern approach},
  publisher = {Prentice Hall},
  year = {1995},
  author = {Russell, S. and Norvig, P.},
  owner = {remco},
  timestamp = {2012.05.24}
}

@ARTICLE{Sakai2008,
  author = {Sakai, K.},
  title = {Task set and prefrontal cortex},
  journal = {Annu. Rev. Neurosci.},
  year = {2008},
  volume = {31},
  pages = {219--245},
  owner = {remco},
  publisher = {Annual Reviews},
  timestamp = {2011.10.04}
}

@INPROCEEDINGS{Salmen2005,
  author = {Salmen, M. and Ploger, P.G.},
  title = {Echo state networks used for motor control},
  booktitle = {Robotics and Automation, 2005. ICRA 2005. Proceedings of the 2005
	IEEE International Conference on},
  year = {2005},
  pages = {1953--1958},
  organization = {IEEE},
  owner = {remco},
  timestamp = {2012.05.10}
}

@ARTICLE{Santamaria1997,
  author = {Santamar{\'\i}a, J.C. and Sutton, R.S. and Ram, A.},
  title = {Experiments with reinforcement learning in problems with continuous
	state and action spaces},
  journal = {Adaptive behavior},
  year = {1997},
  volume = {6},
  pages = {163--217},
  number = {2},
  owner = {remco},
  publisher = {Sage Publications},
  timestamp = {2012.05.22}
}

@ARTICLE{Scheutz2004,
  author = {Scheutz, M. and Andronache, V.},
  title = {Architectural mechanisms for dynamic changes of behavior selection
	strategies in behavior-based systems},
  journal = {Systems, Man, and Cybernetics, Part B: Cybernetics, IEEE Transactions
	on},
  year = {2004},
  volume = {34},
  pages = {2377--2395},
  number = {6},
  owner = {remco},
  publisher = {IEEE},
  timestamp = {2011.10.04}
}

@ARTICLE{Schmidhuber2007,
  author = {Schmidhuber, J. and Wierstra, D. and Gagliolo, M. and Gomez, F.},
  title = {Training recurrent networks by evolino},
  journal = {Neural computation},
  year = {2007},
  volume = {19},
  pages = {757--779},
  number = {3},
  owner = {remco},
  publisher = {MIT Press},
  timestamp = {2012.05.22}
}

@INPROCEEDINGS{Schrauwen2007,
  author = {Schrauwen, B. and Verstraeten, D. and Van Campenhout, J.},
  title = {An overview of reservoir computing: theory, applications and implementations},
  booktitle = {Proceedings of the 15th European Symposium on Artificial Neural Networks},
  year = {2007},
  organization = {Citeseer},
  owner = {remco},
  timestamp = {2012.05.14}
}

@ARTICLE{Schultz2010,
  author = {Schultz, W.},
  title = {Dopamine signals for reward value and risk: basic and recent data},
  journal = {Behavioral and Brain Functions: BBF},
  year = {2010},
  volume = {6},
  pages = {24},
  owner = {remco},
  publisher = {BioMed Central},
  timestamp = {2012.05.24}
}

@ARTICLE{Schut2001,
  author = {Schut, M. and Wooldridge, M.},
  title = {The control of reasoning in resource-bounded agents},
  journal = {The Knowledge Engineering Review},
  year = {2001},
  volume = {16},
  pages = {215--240},
  number = {3},
  owner = {remco},
  publisher = {Cambridge Univ Press},
  timestamp = {2011.10.04}
}

@ARTICLE{Sexton1999,
  author = {Sexton, R.S. and Dorsey, R.E. and Johnson, J.D.},
  title = {Optimization of neural networks: a comparative analysis of the genetic
	algorithm and simulated annealing},
  journal = {European Journal of Operational Research},
  year = {1999},
  volume = {114},
  pages = {589--601},
  number = {3},
  owner = {remco},
  publisher = {Elsevier},
  timestamp = {2012.05.22}
}

@ARTICLE{Shanahan2006,
  author = {Shanahan, M.},
  title = {A cognitive architecture that combines internal simulation with a
	global workspace},
  journal = {Consciousness and Cognition},
  year = {2006},
  volume = {15},
  pages = {433--449},
  number = {2},
  owner = {remco},
  publisher = {Elsevier},
  timestamp = {2011.10.04}
}

@ARTICLE{Shaw2008,
  author = {Shaw, P. and Kabani, N.J. and Lerch, J.P. and Eckstrand, K. and Lenroot,
	R. and Gogtay, N. and Greenstein, D. and Clasen, L. and Evans, A.
	and Rapoport, J.L. and others},
  title = {Neurodevelopmental trajectories of the human cerebral cortex},
  journal = {The Journal of Neuroscience},
  year = {2008},
  volume = {28},
  pages = {3586--3594},
  number = {14},
  owner = {remco},
  publisher = {Society for Neuroscience},
  timestamp = {2012.05.29}
}

@ARTICLE{Silton2010,
  author = {Silton, R.L. and Heller, W. and Towers, D.N. and Engels, A.S. and
	Spielberg, J.M. and Edgar, J.C. and Sass, S.M. and Stewart, J.L.
	and Sutton, B.P. and Banich, M.T. and others},
  title = {The time course of activity in dorsolateral prefrontal cortex and
	anterior cingulate cortex during top-down attentional control},
  journal = {Neuroimage},
  year = {2010},
  volume = {50},
  pages = {1292--1302},
  number = {3},
  owner = {remco},
  publisher = {Elsevier},
  timestamp = {2012.05.24}
}

@ARTICLE{Simons2005,
  author = {Simons, J.S. and Gilbert, S.J. and Owen, A.M. and Fletcher, P.C.
	and Burgess, P.W.},
  title = {Distinct roles for lateral and medial anterior prefrontal cortex
	in contextual recollection},
  journal = {Journal of Neurophysiology},
  year = {2005},
  volume = {94},
  pages = {813--820},
  number = {1},
  owner = {remco},
  publisher = {Am Physiological Soc},
  timestamp = {2012.05.24}
}

@ARTICLE{Simons2006,
  author = {Simons, J.S. and Sch{\"o}lvinck, M.L. and Gilbert, S.J. and Frith,
	C.D. and Burgess, P.W.},
  title = {Differential components of prospective memory?:: Evidence from fMRI},
  journal = {Neuropsychologia},
  year = {2006},
  volume = {44},
  pages = {1388--1397},
  number = {8},
  owner = {remco},
  publisher = {Elsevier},
  timestamp = {2012.05.24}
}

@ARTICLE{Sirotin2009,
  author = {Sirotin, Y.B. and Das, A.},
  title = {Anticipatory haemodynamic signals in sensory cortex not predicted
	by local neuronal activity},
  journal = {Nature},
  year = {2009},
  volume = {457},
  pages = {475--479},
  number = {7228},
  owner = {remco},
  publisher = {Nature Publishing Group},
  timestamp = {2012.06.12}
}

@ARTICLE{Spieth2006,
  author = {Spieth, C. and Supper, J. and Streichert, F. and Speer, N. and Zell,
	A.},
  title = {JCell - a Java-based framework for inferring regulatory networks
	from time series data},
  journal = {Bioinformatics},
  year = {2006},
  volume = {22},
  pages = {2051--2052},
  number = {16},
  owner = {remco},
  publisher = {Oxford Univ Press},
  timestamp = {2012.05.23}
}

@ARTICLE{Sporns2011,
  author = {Sporns, O.},
  title = {The human connectome: a complex network},
  journal = {Annals of the New York Academy of Sciences},
  year = {2011},
  volume = {1224},
  pages = {109--125},
  number = {1},
  owner = {remco},
  publisher = {Wiley Online Library},
  timestamp = {2012.06.12}
}

@ARTICLE{Sporns2011a,
  author = {Sporns, O.},
  title = {The non-random brain: efficiency, economy, and complex dynamics},
  journal = {Frontiers in Computational Neuroscience},
  year = {2011},
  volume = {5},
  owner = {remco},
  publisher = {Frontiers Research Foundation},
  timestamp = {2012.06.19}
}

@BOOK{Sporns2010,
  title = {Networks of the Brain},
  publisher = {The MIT Press},
  year = {2010},
  author = {Sporns, O.},
  owner = {remco},
  timestamp = {2012.06.12}
}

@ARTICLE{Spratling2012,
  author = {Spratling, MW},
  title = {Unsupervised learning of generative and discriminative weights encoding
	elementary image components in a predictive coding model of cortical
	function},
  journal = {Neural Computation},
  year = {2012},
  pages = {1--44},
  owner = {remco},
  publisher = {MIT Press},
  timestamp = {2012.05.22}
}

@ARTICLE{Stanley2002,
  author = {Stanley, K.O. and Miikkulainen, R.},
  title = {Evolving neural networks through augmenting topologies},
  journal = {Evolutionary computation},
  year = {2002},
  volume = {10},
  pages = {99--127},
  number = {2},
  owner = {remco},
  publisher = {MIT Press},
  timestamp = {2012.05.22}
}

@ARTICLE{Steil2007,
  author = {Steil, J.J.},
  title = {Online reservoir adaptation by intrinsic plasticity for backpropagation-decorrelation
	and echo state learning},
  journal = {Neural Networks},
  year = {2007},
  volume = {20},
  pages = {353--364},
  number = {3},
  owner = {remco},
  publisher = {Elsevier},
  timestamp = {2012.07.07}
}

@INPROCEEDINGS{Steil2004,
  author = {Steil, J.J.},
  title = {Backpropagation-Decorrelation: Online recurrent learning with O (N)
	complexity},
  booktitle = {Neural Networks, 2004. Proceedings. 2004 IEEE International Joint
	Conference on},
  year = {2004},
  volume = {2},
  pages = {843--848},
  organization = {Ieee},
  __markedentry = {[remco]},
  owner = {remco},
  timestamp = {2012.07.07}
}

@BOOK{Stoy2010,
  title = {Self-reconfigurable robots: an introduction},
  publisher = {The MIT Press},
  year = {2010},
  author = {Stoy, K. and Brandt, D. and Christensen, D.J.},
  owner = {remco},
  timestamp = {2011.10.04}
}

@ARTICLE{Supekar2009,
  author = {Supekar, K. and Musen, M. and Menon, V.},
  title = {Development of large-scale functional brain networks in children},
  journal = {PLoS biology},
  year = {2009},
  volume = {7},
  pages = {e1000157},
  number = {7},
  owner = {remco},
  publisher = {Public Library of Science},
  timestamp = {2012.06.12}
}

@ARTICLE{Sussillo2009,
  author = {Sussillo, D. and Abbott, L.F.},
  title = {Generating coherent patterns of activity from chaotic neural networks},
  journal = {Neuron},
  year = {2009},
  volume = {63},
  pages = {544--557},
  number = {4},
  owner = {remco},
  publisher = {Elsevier},
  timestamp = {2012.05.14}
}

@ARTICLE{Tanji2008,
  author = {Tanji, J. and Hoshi, E.},
  title = {Role of the lateral prefrontal cortex in executive behavioral control},
  journal = {Physiological reviews},
  year = {2008},
  volume = {88},
  pages = {37},
  number = {1},
  owner = {remco},
  publisher = {Am Physiological Soc},
  timestamp = {2011.10.04}
}

@ARTICLE{Tiesinga2008,
  author = {Tiesinga, P. and Fellous, J.M. and Sejnowski, T.J.},
  title = {Regulation of spike timing in visual cortical circuits},
  journal = {Nature Reviews Neuroscience},
  year = {2008},
  volume = {9},
  pages = {97--107},
  number = {2},
  owner = {remco},
  publisher = {Nature Publishing Group},
  timestamp = {2012.06.12}
}

@ARTICLE{Togelius2004,
  author = {Togelius, J.},
  title = {Evolution of a subsumption architecture neurocontroller},
  journal = {Journal of Intelligent \& Fuzzy Systems},
  year = {2004},
  volume = {15},
  pages = {15--20},
  number = {1},
  owner = {remco},
  publisher = {IOS Press},
  timestamp = {2011.10.04}
}

@ARTICLE{Tononi2003,
  author = {Tononi, G. and Sporns, O.},
  title = {Measuring information integration},
  journal = {BMC neuroscience},
  year = {2003},
  volume = {4},
  pages = {31},
  number = {1},
  owner = {remco},
  publisher = {BioMed Central Ltd},
  timestamp = {2012.06.12}
}

@ARTICLE{Uithol2012,
  author = {Uithol, S. and van Rooij, I. and Bekkering, H. and Haselager, P.},
  title = {Hierarchies in Action and Motor Control},
  journal = {Journal of Cognitive Neuroscience},
  year = {2012},
  pages = {1--10},
  number = {Early Access},
  owner = {remco},
  publisher = {MIT Press},
  timestamp = {2012.06.06}
}

@ARTICLE{Uylings1990,
  author = {Uylings, HBM and Van Eden, CG and others},
  title = {Qualitative and quantitative comparison of the prefrontal cortex
	in rat and in primates, including humans},
  journal = {Prog Brain Res},
  year = {1990},
  volume = {85},
  pages = {31--62},
  owner = {remco},
  timestamp = {2012.05.29}
}

@INPROCEEDINGS{Vargas2008,
  author = {Vargas, P.A. and Di Paolo, E.A. and Husbands, P.},
  title = {A study of GasNet spatial embedding in a delayed-response task},
  booktitle = {Proceedings of the XIth International Conference on the Simulation
	and Synthesis of Living Systems, ALIFE-XI, Winchester},
  year = {2008},
  pages = {5--8},
  owner = {remco},
  timestamp = {2012.05.10}
}

@ARTICLE{Vlassis2012,
  author = {Vlassis, N. and Ghavamzadeh, M. and Mannor, S. and Poupart, P.},
  title = {Bayesian Reinforcement Learning},
  journal = {Reinforcement Learning},
  year = {2012},
  pages = {359--386},
  owner = {remco},
  publisher = {Springer},
  timestamp = {2012.05.22}
}

@INPROCEEDINGS{Waegeman2009,
  author = {Waegeman, T. and Antonelo, E. and Wyffels, F. and Schrauwen, B.},
  title = {Modular reservoir computing networks for imitation learning of multiple
	robot behaviors},
  booktitle = {Computational Intelligence in Robotics and Automation (CIRA), 2009
	IEEE International Symposium on},
  year = {2009},
  pages = {27--32},
  organization = {IEEE},
  owner = {remco},
  timestamp = {2012.05.14}
}

@ARTICLE{Wang2010,
  author = {Wang, X.J.},
  title = {Neurophysiological and computational principles of cortical rhythms
	in cognition},
  journal = {Physiological reviews},
  year = {2010},
  volume = {90},
  pages = {1195--1268},
  number = {3},
  owner = {remco},
  publisher = {Am Physiological Soc},
  timestamp = {2012.06.12}
}

@INPROCEEDINGS{Wareham2011,
  author = {Wareham, T. and Kwisthout, J. and Haselager, P. and van Rooij, I.},
  title = {Ignorance is bliss: A complexity perspective on adapting reactive
	architectures},
  booktitle = {Development and Learning (ICDL), 2011 IEEE International Conference
	on},
  year = {2011},
  volume = {2},
  pages = {1--5},
  organization = {IEEE},
  owner = {remco},
  timestamp = {2012.06.06}
}

@ARTICLE{Webb2008,
  author = {Webb, Russell Y.},
  title = {MULTI-LAYER CORRECTIVE CASCADE ARCHITECTURE FOR ON-LINE PREDICTIVE
	ECHO STATE NETWORKS},
  journal = {Appl. Artif. Intell.},
  year = {2008},
  volume = {22},
  pages = {811--823},
  month = {August},
  acmid = {1451372},
  address = {Bristol, PA, USA},
  doi = {10.1080/08839510802170587},
  issn = {0883-9514},
  issue = {7-8},
  numpages = {13},
  owner = {remco},
  publisher = {Taylor \& Francis, Inc.},
  timestamp = {2012.01.13},
  url = {http://dl.acm.org/citation.cfm?id=1451363.1451372}
}

@ARTICLE{Wendelken2011,
  author = {Wendelken, C. and O'Hare, E.D. and Whitaker, K.J. and Ferrer, E.
	and Bunge, S.A.},
  title = {Increased Functional Selectivity over Development in Rostrolateral
	Prefrontal Cortex},
  journal = {The Journal of Neuroscience},
  year = {2011},
  volume = {31},
  pages = {17260--17268},
  number = {47},
  owner = {remco},
  publisher = {Society for Neuroscience},
  timestamp = {2012.05.30}
}

@ARTICLE{Werbos1990,
  author = {Werbos, P.J.},
  title = {Backpropagation through time: what it does and how to do it},
  journal = {Proceedings of the IEEE},
  year = {1990},
  volume = {78},
  pages = {1550--1560},
  number = {10},
  owner = {remco},
  publisher = {Ieee},
  timestamp = {2012.05.22}
}

@ARTICLE{Williams1989,
  author = {Williams, R.J. and Zipser, D.},
  title = {A learning algorithm for continually running fully recurrent neural
	networks},
  journal = {Neural computation},
  year = {1989},
  volume = {1},
  pages = {270--280},
  number = {2},
  owner = {remco},
  publisher = {MIT Press},
  timestamp = {2012.05.22}
}

@ARTICLE{Wilson2002,
  author = {Wilson, M.},
  title = {Six views of embodied cognition},
  journal = {Psychonomic Bulletin \& Review},
  year = {2002},
  volume = {9},
  pages = {625--636},
  number = {4},
  owner = {remco},
  publisher = {Springer},
  timestamp = {2011.10.04}
}

@ARTICLE{Wood2003,
  author = {Wood, J.N. and Grafman, J. and others},
  title = {Human prefrontal cortex: processing and representational perspectives},
  journal = {Nature Reviews Neuroscience},
  year = {2003},
  volume = {4},
  pages = {139--147},
  number = {2},
  owner = {remco},
  timestamp = {2012.05.24}
}

@ARTICLE{Woodward,
  author = {Woodward, A. and Ikegami, T.},
  title = {A Reservoir Computing approach to Image Classification using Coupled
	Echo State and Back-Propagation Neural Networks},
  owner = {remco},
  timestamp = {2012.01.13}
}

@ARTICLE{Xue2007,
  author = {Xue, Y. and Yang, L. and Haykin, S.},
  title = {Decoupled echo state networks with lateral inhibition},
  journal = {Neural Networks},
  year = {2007},
  volume = {20},
  pages = {365--376},
  number = {3},
  owner = {remco},
  publisher = {Elsevier},
  timestamp = {2012.05.14}
}

@INPROCEEDINGS{Yamada1999,
  author = {Yamada, S. and Saito, J.},
  title = {Adaptive action selection without explicit communication for multi-robot
	box-pushing},
  booktitle = {Intelligent Robots and Systems, 1999. IROS'99. Proceedings. 1999
	IEEE/RSJ International Conference on},
  year = {1999},
  volume = {3},
  pages = {1444--1449},
  organization = {IEEE},
  owner = {remco},
  timestamp = {2011.10.04}
}

@ARTICLE{Yamashita2008,
  author = {Yamashita, Y. and Tani, J.},
  title = {Emergence of functional hierarchy in a multiple timescale neural
	network model: a humanoid robot experiment},
  journal = {PLoS computational biology},
  year = {2008},
  volume = {4},
  pages = {e1000220},
  number = {11},
  owner = {remco},
  publisher = {Public Library of Science},
  timestamp = {2011.11.21}
}

@ARTICLE{Yao1993,
  author = {Yao, X.},
  title = {A review of evolutionary artificial neural networks},
  journal = {International journal of intelligent systems},
  year = {1993},
  volume = {8},
  pages = {539--567},
  number = {4},
  owner = {remco},
  publisher = {Wiley Online Library},
  timestamp = {2012.05.22}
}

@ARTICLE{Zhang2012,
  author = {Zhang, B. and Miller, D.J. and Wang, Y.},
  title = {Nonlinear System Modeling With Random Matrices: Echo State Networks
	Revisited},
  journal = {Neural Networks and Learning Systems, IEEE Transactions on},
  year = {2012},
  volume = {23},
  pages = {175--182},
  number = {1},
  owner = {remco},
  publisher = {IEEE},
  timestamp = {2012.05.14}
}

@INPROCEEDINGS{Ziemke2001,
  author = {Ziemke, T.},
  title = {Are robots embodied},
  booktitle = {First international workshop on epigenetic robotics Modeling Cognitive
	Development in Robotic Systems},
  year = {2001},
  volume = {85},
  organization = {Citeseer},
  owner = {remco},
  timestamp = {2011.10.04}
}

@comment{jabref-meta: selector_publisher:}

@comment{jabref-meta: selector_author:}

@comment{jabref-meta: selector_journal:}

@comment{jabref-meta: selector_keywords:}

